@online{FEniCSTutorials,
	author = {Hans Petter Langtangen},
	title = {Solving PDEs in python The fenics tutorial volume 1},
	date = {18-9-2017},
	url = {https://fenicsproject.org/pub/tutorial/html/._ftut1016.html}
}
